<?xml version="1.0" encoding="UTF-8" ?><marc:collection xmlns:marc="http://www.loc.gov/MARC21/slim" xmlns:xsi="http://www.w3.org/2001/XMLSchema-instance" xsi:schemaLocation="http://www.loc.gov/MARC21/slim http://www.loc.gov/standards/marcxml/schema/MARC21slim.xsd">
<marc:record><marc:leader>03598cam a2200421Ii 4500</marc:leader>
<marc:controlfield tag="001">b12906293</marc:controlfield>
<marc:controlfield tag="003">UaCaAUL</marc:controlfield><marc:controlfield tag="005">20160920092034.0</marc:controlfield><marc:controlfield tag="008">870929m19501953ua            000 0 ararc</marc:controlfield><marc:datafield tag="035" ind1=" " ind2=" "><marc:subfield code="a">(OCoLC)16771047</marc:subfield><marc:subfield code="z">(OCoLC)912693276</marc:subfield></marc:datafield><marc:datafield tag="040" ind1=" " ind2=" "><marc:subfield code="a">ORZ</marc:subfield><marc:subfield code="b">eng</marc:subfield><marc:subfield code="e">rda</marc:subfield><marc:subfield code="c">ORZ</marc:subfield><marc:subfield code="d">GZM</marc:subfield><marc:subfield code="d">IXA</marc:subfield><marc:subfield code="d">CUY</marc:subfield><marc:subfield code="d">ZAP</marc:subfield><marc:subfield code="d">OCLCA</marc:subfield><marc:subfield code="d">OCLCF</marc:subfield><marc:subfield code="d">OCLCQ</marc:subfield><marc:subfield code="d">MEAUC</marc:subfield></marc:datafield><marc:datafield tag="042" ind1=" " ind2=" "><marc:subfield code="a">pcc</marc:subfield></marc:datafield><marc:datafield tag="049" ind1=" " ind2=" "><marc:subfield code="a">MAIN</marc:subfield></marc:datafield><marc:datafield tag="050" ind1=" " ind2="4"><marc:subfield code="a">B753</marc:subfield><marc:subfield code="b">.K511 1950</marc:subfield></marc:datafield><marc:datafield tag="066" ind1=" " ind2=" "><marc:subfield code="c">(3</marc:subfield></marc:datafield><marc:datafield tag="090" ind1=" " ind2=" "><marc:subfield code="a">B753</marc:subfield><marc:subfield code="b">.K51 1950</marc:subfield></marc:datafield><marc:datafield tag="100" ind1="0" ind2=" "><marc:subfield code="6">880-01</marc:subfield><marc:subfield code="a">Kindī,</marc:subfield><marc:subfield code="d">-approximately 873,</marc:subfield><marc:subfield code="e">author.</marc:subfield></marc:datafield><marc:datafield tag="245" ind1="1" ind2="0"><marc:subfield code="6">880-02</marc:subfield><marc:subfield code="a">Rasāʼil al-Kindī al-falsafīyah /</marc:subfield><marc:subfield code="c">ḥaqqaqahā wa-akhrajahā maʻa muqaddimah taḥlīlīyah li-kullin minhā wa-taṣdīr wāfin ʻan al-Kindī wa-falsafatihi Muḥammad ʻAbd al-Hādī Abū Rīdah, al-ustādh al-musāʻid bi-Kullīyat al-Ādāb, Jāmiʻat Fuʼād al-Awwal.</marc:subfield></marc:datafield><marc:datafield tag="264" ind1=" " ind2="1"><marc:subfield code="6">880-03</marc:subfield><marc:subfield code="a">Miṣr :</marc:subfield><marc:subfield code="b">Dār al-Fikr al-ʻArabī,</marc:subfield><marc:subfield code="c">1950-1953.</marc:subfield></marc:datafield><marc:datafield tag="300" ind1=" " ind2=" "><marc:subfield code="a">2 volumes ;</marc:subfield><marc:subfield code="c">24 cm.</marc:subfield></marc:datafield><marc:datafield tag="336" ind1=" " ind2=" "><marc:subfield code="a">text</marc:subfield><marc:subfield code="b">txt</marc:subfield><marc:subfield code="2">rdacontent.</marc:subfield></marc:datafield><marc:datafield tag="337" ind1=" " ind2=" "><marc:subfield code="a">unmediated</marc:subfield><marc:subfield code="b">n</marc:subfield><marc:subfield code="2">rdamedia.</marc:subfield></marc:datafield><marc:datafield tag="338" ind1=" " ind2=" "><marc:subfield code="a">volume</marc:subfield><marc:subfield code="b">nc</marc:subfield><marc:subfield code="2">rdacarrier.</marc:subfield></marc:datafield><marc:datafield tag="500" ind1=" " ind2=" "><marc:subfield code="a">Latin translation and Arabic text of Kitāb al-jawāhir al-khamsah (Liber de quinque essentiis) on opposite pages: v. 2, p. 8-20.</marc:subfield></marc:datafield><marc:datafield tag="505" ind1="0" ind2=" "><marc:subfield code="a">[Juzʼ 1] al-falsafah al-ul̄a.́ Hụdud̄ al-ashyaʼ̄ wa-rusum̄iha.̄ al-Faʻ̄il al-hạqq al-awwal al-tam̄. Id̄ạh̄ ̣tanah̄i ̄jarm al-ʻal̄am. Maʼ̄iyah mal̄a ̄yumkin an yakun̄ la ̄nihaȳat lahu wa-ma ̄alladhi ̄yuqal̄ la ̄nihaȳat lah. Wahḍan̄iyat Allah̄ wa-tanah̄i ̄jarm al-ʻal̄am. ʻIllat al-kawn wa-al-fasad̄, al-Iban̄ah ʻan sujud̄ al-jarm al-aqsạ.́ Annahu tuj̄ad jawah̄ir la ̄ajsam̄. al-Qawl fi ̄al-nafs. al-Nafs. Mah̄iȳat al-nawm wa-al-rʼuya.̄ al-ʻAql. Kamiyyat kutub Aristụ ̄-- Juzʼi 2. al-Jawah̄ir al-khamsah. al-Iban̄ah ʻan anna tạbiʻ̄at al-falak mukhal̄ifah li-tạbaʼ̄iʻ al-ʻanas̄ịr al-arbaʻah. An al-ʻanas̄ịr wa-al- jarm al-aqsạ ̄kurriȳat al-shakl. al-Sabab alladhi ̄[lahu] nasabat al-qudamaʼ̄ al-ashkal̄ al-khamsah ila ̄al-istạqsat̄. al-Jarm al-hạm̄il bi-tịbaʻ̄ihi al-lawn min al-ʻanas̄ịr al-arbaʻah wa-alladhi ̄huwa ʻillat al-lawn fi ̄ghayrih. al-ʻIllah allati ̄laha ̄takun̄ baʻd al-mawad̄ịʻ la ̄takad̄u tumtịr. ʻIllat kawn al-dạbab̄. ʻIllat al-thalj wa-al-barad wa-al-barq wa-al-sạwaʻ̄iq wa-al-raʻd wa-al-zamharir̄. al-ʻIllah allati ̄laha ̄yabrud aʻla ́al-jaw wa-yaskhun ma ̄qaraba min al-ard.̣ ʻIllat al-lawn al-laz̄ur̄di ̄alladhi ̄yura ́fi ̄al-jaw fi ̄jihat al-samaʼ̄ wa-yuzạnn annahu lawn al-samaʼ̄. al-ʻIllah al-faʻ̄ilah lil-madd wa-al-jazr.</marc:subfield></marc:datafield><marc:datafield tag="650" ind1=" " ind2="0"><marc:subfield code="a">Philosophy, Arab</marc:subfield><marc:subfield code="v">Early works to 1800.</marc:subfield></marc:datafield><marc:datafield tag="700" ind1="1" ind2=" "><marc:subfield code="6">880-04</marc:subfield><marc:subfield code="a">Abū Rīdah, Muḥammad ʻAbd al-Hādī,</marc:subfield><marc:subfield code="e">editor.</marc:subfield></marc:datafield><marc:datafield tag="740" ind1="0" ind2="2"><marc:subfield code="6">880-05</marc:subfield><marc:subfield code="a">Kitāb al-jawāhir al-khamsah.</marc:subfield></marc:datafield><marc:datafield tag="740" ind1="0" ind2="2"><marc:subfield code="a">Liber de quinque essentiis.</marc:subfield></marc:datafield><marc:datafield tag="880" ind1="1" ind2="0"><marc:subfield code="6">245-02/(3/r</marc:subfield><marc:subfield code="a">رسائل الكندي الفلسفية /</marc:subfield><marc:subfield code="c">حققها وأخرجها مع مقدمة تحليلية لكل منها وتصدير واف عن الكندي وفلسفته محمد عبد الهادي أبو ريدة، الأستاذ المساعد بكلية الآداب - جامعة فؤاد الأول..</marc:subfield></marc:datafield><marc:datafield tag="880" ind1="0" ind2=" "><marc:subfield code="6">100-01/(3/r</marc:subfield><marc:subfield code="a">كندي،</marc:subfield><marc:subfield code="d">- حوالي 873.</marc:subfield></marc:datafield><marc:datafield tag="880" ind1=" " ind2="1"><marc:subfield code="6">264-03/(3/r</marc:subfield><marc:subfield code="a">القاهرة؛</marc:subfield><marc:subfield code="b">دار الفكر العربي ،</marc:subfield><marc:subfield code="c">1950-1953.</marc:subfield></marc:datafield><marc:datafield tag="880" ind1="1" ind2=" "><marc:subfield code="6">700-04/(3/r</marc:subfield><marc:subfield code="a">أبو ريدة، محمد عبد الهادي..</marc:subfield></marc:datafield><marc:datafield tag="880" ind1="0" ind2="2"><marc:subfield code="6">740-05/(3/r</marc:subfield><marc:subfield code="a">كتاب الجواهر الخمسة..</marc:subfield></marc:datafield><marc:datafield tag="907" ind1=" " ind2=" "><marc:subfield code="a">.b12906293</marc:subfield><marc:subfield code="b">main </marc:subfield></marc:datafield><marc:datafield tag="902" ind1=" " ind2=" "><marc:subfield code="a">160920</marc:subfield></marc:datafield><marc:datafield tag="998" ind1=" " ind2=" "><marc:subfield code="b">2</marc:subfield><marc:subfield code="c">030129</marc:subfield><marc:subfield code="d">m</marc:subfield><marc:subfield code="e">a</marc:subfield><marc:subfield code="f">-</marc:subfield><marc:subfield code="g">0</marc:subfield><marc:subfield code="k">MAH</marc:subfield></marc:datafield><marc:datafield tag="945" ind1=" " ind2=" "><marc:subfield code="l">main </marc:subfield><marc:subfield code="u">v.v.1</marc:subfield></marc:datafield></marc:record>
</marc:collection>
